@Article{perrig,
  title={SPINS: Security protocols for sensor networks},
  author={Perrig, Adrian and Szewczyk, Robert and Tygar, JD and Wen, Victor and Culler, David E},
  journal={Wireless networks},
  volume={8},
  number={5},
  pages={521--534},
  year={2002},
  publisher={Springer-Verlag New York, Inc.}
}

@inproceedings{verdone,
  title={A multi-sink multi-hop wireless sensor network over a square region: Connectivity and energy consumption issues},
  author={Fabbri, Flavio and Buratti, Chiara and Verdone, Roberto},
  booktitle={GLOBECOM Workshops, 2008 IEEE},
  pages={1--6},
  year={2008},
  organization={IEEE}
}

@inproceedings{healy,
  title={Security for wireless sensor networks: A review},
  author={Healy, Michael and Newe, Thomas and Lewis, Elfed},
  booktitle={Sensors Applications Symposium, 2009. SAS 2009. IEEE},
  pages={80--85},
  year={2009},
  organization={IEEE}
}
@article{diffie,
  title={New directions in cryptography},
  author={Diffie, Whitfield and Hellman, Martin E},
  journal={Information Theory, IEEE Transactions on},
  volume={22},
  number={6},
  pages={644--654},
  year={1976},
  publisher={IEEE}
}
@incollection{pointcheval,
  title={Interactive Diffie-Hellman assumptions with applications to password-based authentication},
  author={Abdalla, Michel and Pointcheval, David},
  booktitle={Financial Cryptography and Data Security},
  pages={341--356},
  year={2005},
  publisher={Springer}
}
@TECHREPORT{Lopez,
    author = {Julio LÃ³pez and Ricardo Dahab},
    title = {An Overview of Elliptic Curve Cryptography},
    institution = {},
    year = {2000}
}
@book{koblitz,
  title={Introduction to elliptic curves and modular forms},
  author={Koblitz, Neal},
  volume={97},
  year={1993},
  publisher={Springer Science \& Business Media}
}
@book{patil,
  title={Security for wireless sensor networks using identity-based cryptography},
  author={Patil, Harsh Kupwade and Szygenda, Stephen A},
  year={2012},
  publisher={CRC Press}
}
@book{washington,
  title={Elliptic curves: number theory and cryptography},
  author={Washington, Lawrence C},
  year={2008},
  publisher={CRC press}
}
@incollection{lenstra,
  title={Factoring estimates for a 1024-bit RSA modulus},
  author={Lenstra, Arjen and Tromer, Eran and Shamir, Adi and Kortsmit, Wil and Dodson, Bruce and Hughes, James and Leyland, Paul},
  booktitle={Advances in Cryptology-ASIACRYPT 2003},
  pages={55--74},
  year={2003},
  publisher={Springer}
}
@inproceedings{bellare,
  title={Random oracles are practical: A paradigm for designing efficient protocols},
  author={Bellare, Mihir and Rogaway, Phillip},
  booktitle={Proceedings of the 1st ACM conference on Computer and communications security},
  pages={62--73},
  year={1993},
  organization={ACM}
}
@inproceedings{AES,
  title={Optimal asymmetric encryption},
  author={Bellare, Mihir and Rogaway, Phillip},
  booktitle={Advances in Cryptology-EUROCRYPT'94},
  pages={92--111},
  year={1995},
  organization={Springer}
}

@inproceedings{benenson,
  title={User Authentication in Sensor Networks.},
  author={Benenson, Zinaida and G{\"a}rtner, Felix C and Kesdogan, Dogan},
  booktitle={GI Jahrestagung (2)},
  pages={385--389},
  year={2004},
  organization={Citeseer}
}
@inproceedings{liu,
  title={Practical broadcast authentication in sensor networks},
  author={Liu, Donggang and Ning, Peng and Zhu, Sencun and Jajodia, Sushil},
  booktitle={Mobile and Ubiquitous Systems: Networking and Services, 2005. MobiQuitous 2005. The Second Annual International Conference on},
  pages={118--129},
  year={2005},
  organization={IEEE}
}
@inproceedings{liu2003,
  title={Efficient Distribution of Key Chain Commitments for Broadcast Authentication in Distributed Sensor Networks.},
  author={Liu, Donggang and Ning, Peng and others},
  booktitle={NDSS},
  year={2003}
}
@inproceedings{drissi,
  title={Localized broadcast authentication in large sensor networks},
  author={Drissi, Jawad and Gu, Qijun},
  booktitle={Networking and Services, 2006. ICNS'06. International conference on},
  pages={25--25},
  year={2006},
  organization={IEEE}
}
@article{cao,
  title={IMBAS: Identity-based multi-user broadcast authentication in wireless sensor networks},
  author={Cao, Xuefei and Kou, Weidong and Dang, Lanjun and Zhao, Bin},
  journal={Computer communications},
  volume={31},
  number={4},
  pages={659--667},
  year={2008},
  publisher={Elsevier}
}
@phdthesis{yasmin,
  title={An efficient authentication framework for wireless sensor networks},
  author={Yasmin, Rehana},
  year={2012},
  school={University of Birmingham}
}
@article{lee2009,
  title={A new authenticated group key agreement in a mobile environment},
  author={Lee, Cheng-Chi and Lin, Tsung-Hung and Tsai, Chwei-Shyong},
  journal={annals of telecommunications-annales des t{\'e}l{\'e}communications},
  volume={64},
  number={11-12},
  pages={735--744},
  year={2009},
  publisher={Springer}
}
@article{yuan,
  title={A biometric-based user authentication for wireless sensor networks},
  author={Yuan, Jianjun and Jiang, Changjun and Jiang, Zuowen},
  journal={Wuhan University Journal of Natural Sciences},
  volume={15},
  number={3},
  pages={272--276},
  year={2010},
  publisher={Springer}
}
@inproceedings{yoon,
  title={A new biometric-based user authentication scheme without using password for wireless sensor networks},
  author={Yoon, Eun-Jun and Yoo, Kee-Young},
  booktitle={Enabling Technologies: Infrastructure for Collaborative Enterprises (WETICE), 2011 20th IEEE International Workshops on},
  pages={279--284},
  year={2011},
  organization={IEEE}
}
@article{dosattack,
  title={Denial-of-service in wireless sensor networks: Attacks and defenses},
  author={Raymond, David R and Midkiff, Scott F},
  journal={Pervasive Computing, IEEE},
  volume={7},
  number={1},
  pages={74--81},
  year={2008},
  publisher={IEEE}
}
@article{das,
  title={Two-factor user authentication in wireless sensor networks},
  author={Das, Manik Lal},
  journal={Wireless Communications, IEEE Transactions on},
  volume={8},
  number={3},
  pages={1086--1090},
  year={2009},
  publisher={IEEE}
}
@article{farash2013,
  title={A new efficient authenticated multiple-key exchange protocol from bilinear pairings},
  author={Farash, Mohammad Sabzinejad and Attari, Mahmoud Ahmadian and Atani, Reza Ebrahimi and Jami, Mohamadreza},
  journal={Computers \& Electrical Engineering},
  volume={39},
  number={2},
  pages={530--541},
  year={2013},
  publisher={Elsevier}
}
@article{shi,
  title={A new user authentication protocol for wireless sensor networks using elliptic curves cryptography},
  author={Shi, Wenbo and Gong, Peng},
  journal={International Journal of Distributed Sensor Networks},
  volume={2013},
  year={2013},
  publisher={Hindawi Publishing Corporation}
}
@article{tu,
  title={An improved authentication protocol for session initiation protocol using smart card},
  author={Tu, Hang and Kumar, Neeraj and Chilamkurti, Naveen and Rho, Seungmin},
  journal={Peer-to-Peer Networking and Applications},
  pages={1--8},
  year={2014},
  publisher={Springer}
}
@inproceedings{wong,
  title={A dynamic user authentication scheme for wireless sensor networks},
  author={Wong, Kirk HM and Zheng, Yuan and Cao, Jiannong and Wang, Shengwei},
  booktitle={Sensor Networks, Ubiquitous, and Trustworthy Computing, 2006. IEEE International Conference on},
  volume={1},
  pages={8--pp},
  year={2006},
  organization={IEEE}
}
@inproceedings{tseng,
  title={An improved dynamic user authentication scheme for wireless sensor networks},
  author={Tseng, Huei-Ru and Jan, Rong-Hong and Yang, Wuu},
  booktitle={Global Telecommunications Conference, 2007. GLOBECOM'07. IEEE},
  pages={986--990},
  year={2007},
  organization={IEEE}
}
@inproceedings{lee2008,
  title={Simple dynamic user authentication protocols for wireless sensor networks},
  author={Lee, Tsern-Huei},
  booktitle={Sensor Technologies and Applications, 2008. SENSORCOMM'08. Second International Conference on},
  pages={657--660},
  year={2008},
  organization={IEEE}
}

@inproceedings{jiang,
  title={An efficient scheme for user authentication in wireless sensor networks},
  author={Jiang, Canming and Li, Bao and Xu, Haixia},
  booktitle={Advanced Information Networking and Applications Workshops, 2007, AINAW'07. 21st International Conference on},
  volume={1},
  pages={438--442},
  year={2007},
  organization={IEEE}
}
@inproceedings{petersen,
  title={Self-certified keys-concepts and applications},
  author={Petersen, Holger and Horster, Patrick},
  booktitle={Proc. Communications and Multimedia Security},
  volume={97},
  pages={102--116},
  year={1997}
}
@article{eccadv,
  title={The advantages of elliptic curve cryptography for wireless security},
  author={Lauter, Kristin},
  journal={IEEE Wireless communications},
  volume={11},
  number={1},
  pages={62--67},
  year={2004}
}
@article{nam,
  title={Efficient and Anonymous Two-Factor User Authentication in Wireless Sensor Networks: Achieving User Anonymity with Lightweight Sensor Computation},
  author={Nam, Junghyun and Choo, Kim-Kwang Raymond and Han, Sangchul and Kim, Moonseong and Paik, Juryon and Won, Dongho},
  year={2015}
}
@article{li,
  title={An improved authentication with key agreement scheme on elliptic curve cryptosystem for global mobility networks},
  author={Li, Xuelei and Wen, Qiaoyan and Zhang, Hua and Jin, Zhengping},
  journal={International Journal of Network Management},
  volume={23},
  number={5},
  pages={311--324},
  year={2013},
  publisher={Wiley Online Library}
}
@article{li2010efficient,
  title={An efficient biometrics-based remote user authentication scheme using smart cards},
  author={Li, Chun-Ta and Hwang, Min-Shiang},
  journal={Journal of Network and Computer Applications},
  volume={33},
  number={1},
  pages={1--5},
  year={2010},
  publisher={Elsevier}
}
@article{das2015secure,
  title={A Secure and Efficient User Anonymity-Preserving Three-Factor Authentication Protocol for Large-Scale Distributed Wireless Sensor Networks},
  author={Das, Ashok Kumar},
  journal={Wireless Personal Communications},
  pages={1--28},
  year={2015},
  publisher={Springer}
}
@article{paul,
  title={Design and implementation of real time AES-128 on real time operating system for multiple FPGA communication},
  author={Paul, Rourab and Saha, Sangeet and Sau, Suman and Chakrabarti, Amlan},
  journal={arXiv preprint arXiv:1205.2153},
  year={2012}
}
